<?xml version="1.0" encoding="utf-8"?>
<record xmlns="http://www.loc.gov/MARC21/slim" xmlns:xsi="http://www.w3.org/2001/XMLSchema-instance" xsi:schemaLocation="http://www.loc.gov/MARC21/slim http://www.loc.gov/standards/marcxml/schema/MARC21slim.xsd">
	<leader>     nam a22     Mi 4500</leader>
	<controlfield tag="001">b12363339</controlfield>
	<controlfield tag="003">LeBAU</controlfield>
	<controlfield tag="006">m        d        </controlfield>
	<controlfield tag="007">cr cn |||m|||a</controlfield>
	<controlfield tag="008">190123s1955    ua      o     ||0 0 ara d</controlfield>
	<datafield ind1=" " ind2=" " tag="040">
		<subfield code="a">ZYU</subfield>
		<subfield code="b">ara</subfield>
		<subfield code="e">rda</subfield>
		<subfield code="c">ZYU</subfield>
	</datafield>
	<datafield ind1=" " ind2="4" tag="050">
		<subfield code="a">BP166.9</subfield>
		<subfield code="b">.I36 1955</subfield>
	</datafield>
	<datafield ind1="0" ind2="4" tag="082">
		<subfield code="a">297.3</subfield>
		<subfield code="2">22</subfield>
	</datafield>
	<datafield ind1="1" ind2=" " tag="100">
		<subfield code="6">880-01</subfield>
		<subfield code="a">Ibn Ḥajar al-Haythamī, Aḥmad ibn Muḥammad,</subfield>
		<subfield code="d">approximately 1503-approximately 1566,</subfield>
		<subfield code="e">author.</subfield>
	</datafield>
	<datafield ind1="1" ind2="0" tag="245">
		<subfield code="6">880-02</subfield>
		<subfield code="a">al-Ṣawāʻiq al-muḥriqah fī al-radd ʻalá ahl al-bidaʻ wa-al-zandaqah ;</subfield>
		<subfield code="b">wa-yalīhi Kitāb taṭhīr al-janān wa-al-lisān ʻan al-khuṭūr wa-al-tafawwuh bi-thalb sayyidinā Muʻāwiyah ibn Abī Sufyān /</subfield>
		<subfield code="c">kilāhumā taʼlīf al-muḥaddith Aḥmad ibn Ḥajar al-Haytamī al-Makkī al-mutawaffá sanat 974 H. ; kataba muqaddimatahu wa-ʻallaqa ḥawāshīhi wa-kharraja aḥādīthahu wa-rājaʻa uṣūlahu ʻAbd al-Wahhāb ʻAbd al-Laṭīf, al-ʻālamīyah min darajat ustādh wa-al-mudarris fī kullīyat al-sharīʻah.</subfield>
	</datafield>
	<datafield ind1="3" ind2="0" tag="246">
		<subfield code="6">880-03</subfield>
		<subfield code="a">Kitāb taṭhīr al-janān wa-al-lisān ʻan al-khuṭūr wa-al-tafawwuh bi-thalb sayyidinā Muʻāwiyah ibn Abī Sufyān</subfield>
	</datafield>
	<datafield ind1=" " ind2="1" tag="264">
		<subfield code="6">880-04</subfield>
		<subfield code="a">Miṣr :</subfield>
		<subfield code="b">Maktabat al-Qāhirah,</subfield>
		<subfield code="c">1375 H., [1955? M.]</subfield>
	</datafield>
	<datafield ind1=" " ind2=" " tag="300">
		<subfield code="6">880-05</subfield>
		<subfield code="a">online resource (261, 73 pages)</subfield>
	</datafield>
	<datafield ind1=" " ind2=" " tag="336">
		<subfield code="a">text</subfield>
		<subfield code="2">rdacontent</subfield>
	</datafield>
	<datafield ind1=" " ind2=" " tag="337">
		<subfield code="a">computer</subfield>
		<subfield code="2">rdamedia</subfield>
	</datafield>
	<datafield ind1=" " ind2=" " tag="338">
		<subfield code="a">online resource</subfield>
		<subfield code="2">rdacarrier</subfield>
	</datafield>
	<datafield ind1=" " ind2=" " tag="500">
		<subfield code="a">Part of the Arabic Collections Online (ACO) project, contributed by American University of Beirut's Jafet Memorial Library.</subfield>
	</datafield>
	<datafield ind1=" " ind2=" " tag="533">
		<subfield code="a">Electronic reproduction.</subfield>
		<subfield code="b">New York, N.Y. :</subfield>
		<subfield code="c">New York University,</subfield>
		<subfield code="d">2019.</subfield>
		<subfield code="5">NNU</subfield>
	</datafield>
	<datafield ind1="0" ind2="0" tag="600">
		<subfield code="6">880-06</subfield>
		<subfield code="a">Muʻāwiyah ibn Abī Sufyān,</subfield>
		<subfield code="c">Caliph,</subfield>
		<subfield code="d">-680.</subfield>
	</datafield>
	<datafield ind1=" " ind2="0" tag="650">
		<subfield code="6">880-07</subfield>
		<subfield code="a">Caliphate</subfield>
		<subfield code="v">Early works to 1800.</subfield>
	</datafield>
	<datafield ind1=" " ind2="0" tag="650">
		<subfield code="6">880-08</subfield>
		<subfield code="a">Shīʻah</subfield>
		<subfield code="v">Controversial literature</subfield>
		<subfield code="v">Early works to 1800.</subfield>
	</datafield>
	<datafield ind1=" " ind2="0" tag="650">
		<subfield code="6">880-09</subfield>
		<subfield code="a">Islam</subfield>
		<subfield code="x">Doctrines</subfield>
		<subfield code="v">Early works to 1800.</subfield>
	</datafield>
	<datafield ind1="1" ind2=" " tag="700">
		<subfield code="6">880-10</subfield>
		<subfield code="a">ʻAbd al-Laṭīf, ʻAbd al-Wahhāb,</subfield>
		<subfield code="e">compiler.</subfield>
	</datafield>
	<datafield ind1="1" ind2="2" tag="700">
		<subfield code="6">880-11</subfield>
		<subfield code="a">Ibn Ḥajar al-Haythamī, Aḥmad ibn Muḥammad,</subfield>
		<subfield code="d">approximately 1503-approximately 1566.</subfield>
		<subfield code="t">Taṭhīr al-janān wa-al-lisān ʻan al-khuṭūr wa-al-tafawwuh bi-thalb sayyidinā Muʻāwiyah ibn Abī Sufyān.</subfield>
	</datafield>
	<datafield ind1="2" ind2=" " tag="710">
		<subfield code="a">Jafet Memorial Library.</subfield>
	</datafield>
	<datafield ind1="0" ind2=" " tag="730">
		<subfield code="a">Arabic Collections Online.</subfield>
	</datafield>
	<datafield ind1="0" ind2="8" tag="776">
		<subfield code="i">Print version:</subfield>
		<subfield code="a">Ibn Ḥajar al-Haythamī, Aḥmad ibn Muḥammad, approximately 1503-approximately 1566, author.</subfield>
		<subfield code="t">al-Ṣawāʻiq al-muḥriqah fī al-radd ʻalá ahl al-bidaʻ wa-al-zandaqah ;</subfield>
		<subfield code="w">(LeBAU)b12363339</subfield>
	</datafield>
	<datafield ind1="4" ind2="0" tag="856">
		<subfield code="u">http://hdl.handle.net/2333.1/ngf1vqw1</subfield>
	</datafield>
	<datafield ind1="1" ind2=" " tag="880">
		<subfield code="6">100-01</subfield>
		<subfield code="a">ابن حجر الهيثمي، أحمد بن محمد،</subfield>
		<subfield code="d">حوالي 1503-حوالي 1566،</subfield>
		<subfield code="e">مؤلف.</subfield>
		<subfield code="4">aut.</subfield>
	</datafield>
	<datafield ind1="1" ind2="3" tag="880">
		<subfield code="6">245-02</subfield>
		<subfield code="a">الصواعق المحرقة في الرد على أهل البدع والزندقة ؛</subfield>
		<subfield code="b">ويليه كتاب تطهير الجنان واللسان عن الخطور والتفوه بثلب سيدنا معاوية بن أبي سفيان /</subfield>
		<subfield code="c">كلاهما تأليف المحدث أحمد بن حجر الهيتمي المكي المتوفى سنة 974 هـ. ؛ كتب مقدمته وعلق حواشيه وخرج أحاديثه وراجع أصوله عبد الوهاب عبد اللطيف، العالمية من درجة أستاذ والمدرس في كلية الشريعة.</subfield>
	</datafield>
	<datafield ind1="3" ind2="0" tag="880">
		<subfield code="6">246-03</subfield>
		<subfield code="a">كتاب تطهير الجنان واللسان عن الخطور والتفوه بثلب سيدنا معاوية بن أبي سفيان</subfield>
	</datafield>
	<datafield ind1=" " ind2="1" tag="880">
		<subfield code="6">264-04</subfield>
		<subfield code="a">مصر :</subfield>
		<subfield code="b">مكتبة القاهرة،</subfield>
		<subfield code="c">1375 هـ.، [1955؟ م.]</subfield>
	</datafield>
	<datafield ind1=" " ind2=" " tag="880">
		<subfield code="6">300-05</subfield>
		<subfield code="a">261، 73 صفحة ؛</subfield>
		<subfield code="c">25 سم</subfield>
	</datafield>
	<datafield ind1="0" ind2="4" tag="880">
		<subfield code="6">600-06</subfield>
		<subfield code="a">معاوية بن أبي سفيان،</subfield>
		<subfield code="c">الخليفة،</subfield>
		<subfield code="d">-680.</subfield>
	</datafield>
	<datafield ind1=" " ind2="4" tag="880">
		<subfield code="6">650-07</subfield>
		<subfield code="a">الخلافة</subfield>
		<subfield code="v">اعمال قديمة حتى 1800.</subfield>
	</datafield>
	<datafield ind1=" " ind2="4" tag="880">
		<subfield code="6">650-08</subfield>
		<subfield code="a">الشيعة</subfield>
		<subfield code="v">الأدب الجدلي</subfield>
		<subfield code="v">أعمال قديمة حتى 1800.</subfield>
	</datafield>
	<datafield ind1=" " ind2="4" tag="880">
		<subfield code="6">650-09</subfield>
		<subfield code="a">الاسلام</subfield>
		<subfield code="x">عقائد</subfield>
		<subfield code="v">اعمال قديمة حتى 1800.</subfield>
	</datafield>
	<datafield ind1="1" ind2=" " tag="880">
		<subfield code="6">700-10</subfield>
		<subfield code="a">عبد اللطيف، عبد الوهاب،</subfield>
		<subfield code="e">معد.</subfield>
		<subfield code="4">com.</subfield>
	</datafield>
	<datafield ind1="1" ind2="2" tag="880">
		<subfield code="6">700-11</subfield>
		<subfield code="a">ابن حجر الهيثمي، احمد بن محمد،</subfield>
		<subfield code="d">حوالي 1503-حوالي 1566.</subfield>
		<subfield code="t">تطهير الجنان واللسان عن الخطور والتفوه بثلب سيدنا معاوية بن أبي سفيان.</subfield>
	</datafield>
	<datafield ind1=" " ind2=" " tag="959">
		<subfield code="a">NNU</subfield>
		<subfield code="b">WEB</subfield>
		<subfield code="c">GENI</subfield>
		<subfield code="t">0</subfield>
		<subfield code="m">Electronic access</subfield>
		<subfield code="s">01</subfield>
	</datafield>
	<datafield ind1=" " ind2=" " tag="999">
		<subfield code="i">LeBAU_b12363339</subfield>
		<subfield code="s">aub_aco002269</subfield>
		<subfield code="e">(ERROR-MISC)</subfield>
		<subfield code="s">aub_aco002269</subfield>
	</datafield>
</record>
